@ONLINE {rain,
    author = "Kaggle.com",
    title  = "How Much Did It Rain? II",
    month  = "oct",
    year   = "2016",
    url    = "https://www.kaggle.com/c/how-much-did-it-rain-ii/"
}

@ONLINE {movielens,
    author = "GroupLens",
    title  = "{MovieLens} 20{M} Dataset",
    month  = "accessed {D}ec",
    year   = "2016",
    url    = "http://grouplens.org/datasets/movielens/20m/"
}

@CONFERENCE {Lakshmanan16,
    author       = "V. Lakshmanan and A. Kleeman and J. Boshard and R. Minkowsky and A. Pasch",
    title        = "The AMS-AI 2015-2016 Contest: Probabilistic estimate of hourly rainfall from radar",
    booktitle    = "13th Conference on Artificial Intelligence",
    year         = "2015",
    address      = "Phoenix, AZ",
    organization = "American Meteorological Society"
}

@article{woodruff2014sketching,
  title={Sketching as a tool for numerical linear algebra},
  author={Woodruff, David P},
  journal={arXiv preprint arXiv:1411.4357},
  year={2014}
}

@article{lens,
 author = {Harper, F. Maxwell and Konstan, Joseph A.},
 title = {The MovieLens Datasets: History and Context},
 journal = {ACM Trans. Interact. Intell. Syst.},
 issue_date = {January 2016},
 volume = {5},
 number = {4},
 month = dec,
 year = {2015},
 issn = {2160-6455},
 pages = {19:1--19:19},
 articleno = {19},
 numpages = {19},
 publisher = {ACM},
 address = {New York, NY, USA},
}
